
@article{Fixsen1996,
  author = {Fixsen, D. J. and others},
  title = {The Cosmic Microwave Background Spectrum from the Full COBE FIRAS Data Set},
  journal = {ApJ},
  year = {1996},
  volume = {473},
  pages = {576}
}
@article{Planck2018,
  author = {Planck Collaboration},
  title = {Planck 2018 results. VI. Cosmological parameters},
  journal = {A&A},
  year = {2020},
  volume = {641},
  pages = {A6}
}
@article{EisensteinHu1998,
  author = {Eisenstein, Daniel J. and Hu, Wayne},
  title = {Baryonic Features in the Matter Transfer Function},
  journal = {ApJ},
  year = {1998},
  volume = {496},
  pages = {605}
}
@misc{CLASS,
  author = {Blas, D. and Lesgourgues, J. and Tram, T.},
  title = {The Cosmic Linear Anisotropy Solving System (CLASS)},
  year = {2011},
  note = {arXiv:1104.2933}
}
@article{EHT2019,
  author = {Event Horizon Telescope Collaboration},
  title = {First M87 Event Horizon Telescope Results},
  journal = {ApJL},
  year = {2019},
  volume = {875},
  pages = {L1-L6}
}
@article{LIGO2016,
  author = {Abbott, B. P. and others},
  title = {Observation of Gravitational Waves from a Binary Black Hole Merger},
  journal = {Physical Review Letters},
  year = {2016},
  volume = {116},
  pages = {061102}
}
